<record><leader>00000cas a2200000 a 4500</leader><controlfield tag="001">2265503</controlfield><controlfield tag="008">760620d18071827pauwr ne      0   a0eng c</controlfield><datafield ind1=" " ind2=" " tag="010"><subfield code="a">sn 83032128 </subfield></datafield><datafield ind1=" " ind2=" " tag="040"><subfield code="a">PIT</subfield><subfield code="b">eng</subfield><subfield code="c">PIT</subfield><subfield code="d">NPU</subfield><subfield code="d">NPV</subfield><subfield code="d">NYG</subfield><subfield code="d">NPH</subfield><subfield code="d">NPA</subfield><subfield code="d">DLC</subfield><subfield code="d">NPX</subfield><subfield code="d">NJW</subfield><subfield code="d">MFN</subfield><subfield code="d">KNP</subfield><subfield code="d">CNK</subfield><subfield code="d">NVK</subfield><subfield code="d">OCL</subfield><subfield code="d">DLC</subfield><subfield code="d">OCLCG</subfield><subfield code="d">UPM</subfield><subfield code="d">DLC</subfield><subfield code="d">OCLCQ</subfield><subfield code="d">OCLCF</subfield><subfield code="d">HLS</subfield><subfield code="d">DLC</subfield><subfield code="d">HUL</subfield></datafield><datafield ind1=" " ind2=" " tag="012"><subfield code="l">1</subfield></datafield><datafield ind1="0" ind2=" " tag="022"><subfield code="a">2472-2715</subfield><subfield code="l">2472-2715</subfield><subfield code="2">1</subfield></datafield><datafield ind1=" " ind2=" " tag="042"><subfield code="a">pcc</subfield><subfield code="a">nsdp</subfield></datafield><datafield ind1=" " ind2=" " tag="043"><subfield code="a">n-us-pa</subfield></datafield><datafield ind1="0" ind2="0" tag="050"><subfield code="a">Newspaper</subfield></datafield><datafield ind1="1" ind2="0" tag="082"><subfield code="a">071</subfield><subfield code="2">23</subfield></datafield><datafield ind1=" " ind2="4" tag="222"><subfield code="a">The oracle of Dauphin</subfield></datafield><datafield ind1="0" ind2="4" tag="245"><subfield code="a">The oracle of Dauphin.</subfield></datafield><datafield ind1="3" ind2="0" tag="246"><subfield code="a">Oracle</subfield></datafield><datafield ind1=" " ind2=" " tag="260"><subfield code="a">Harrisburgh, Pa. :</subfield><subfield code="b">Printed by John Wyeth</subfield></datafield><datafield ind1=" " ind2=" " tag="300"><subfield code="a">22 v. ;</subfield><subfield code="c">43-52 cm.</subfield></datafield><datafield ind1=" " ind2=" " tag="310"><subfield code="a">Weekly</subfield></datafield><datafield ind1="0" ind2=" " tag="362"><subfield code="a">Vol. 16, no. 6 (Nov. 21, 1807)-v. 37, no. 8 (Nov. 17, 1827).</subfield></datafield><datafield ind1=" " ind2=" " tag="530"><subfield code="a">Available on microfilm from Microfilm Corp. of Pa. and from West Virginia University Library Photoduplication section.</subfield></datafield><datafield ind1=" " ind2="0" tag="651"><subfield code="a">Harrisburg (Pa.)</subfield><subfield code="v">Newspapers.</subfield></datafield><datafield ind1=" " ind2="7" tag="651"><subfield code="a">Pennsylvania</subfield><subfield code="z">Harrisburg.</subfield><subfield code="2">fast</subfield><subfield code="0">(OCoLC)fst01204725</subfield></datafield><datafield ind1=" " ind2="7" tag="655"><subfield code="a">Newspapers.</subfield><subfield code="2">fast</subfield><subfield code="0">(OCoLC)fst01423814</subfield></datafield><datafield ind1="1" ind2=" " tag="700"><subfield code="a">Wyeth, John,</subfield><subfield code="d">1770-1858.</subfield></datafield><datafield ind1=" " ind2=" " tag="752"><subfield code="a">United States</subfield><subfield code="b">Pennsylvania</subfield><subfield code="c">Dauphin</subfield><subfield code="d">Harrisburg.</subfield></datafield><datafield ind1="0" ind2="8" tag="776"><subfield code="i">Reproduced as (manifestation):</subfield><subfield code="t">Oracle of Dauphin</subfield><subfield code="w">(OCoLC)174070948</subfield></datafield><datafield ind1="0" ind2="8" tag="776"><subfield code="i">Online version:</subfield><subfield code="t">Oracle of Dauphin</subfield><subfield code="w">(OCoLC)253960812</subfield></datafield><datafield ind1="0" ind2="0" tag="780"><subfield code="t">Oracle of Dauphin, and Harrisburgh advertiser</subfield><subfield code="x">2472-2723</subfield><subfield code="w">(DLC)sn 83032127</subfield><subfield code="w">(OCoLC)10185761</subfield></datafield><datafield ind1="0" ind2="0" tag="785"><subfield code="t">Harrisburg argus (Harrisburg, Pa. : 1827)</subfield><subfield code="x">2472-2731</subfield><subfield code="w">(DLC)sn 84035970</subfield><subfield code="w">(OCoLC)2261751</subfield></datafield><datafield ind1="1" ind2=" " tag="029"><subfield code="a">AU@</subfield><subfield code="b">000020128033</subfield></datafield></record>